@online{knowledge2019global,
  author={Knowledge-Sourcing-Intelligence-LLP},
  year={2017},
  title={Global Affective Computing Market - Forecasts from 2017 to 2022},
  url={https://www.researchandmarkets.com/reports/4396321/global-affective-computing-market-forecasts},
  urldate={2019-12-01}
}

@online{crawford2019ai,
  author={Crawford, Kate and Dobbe, Roel and Dryer, Theodora and Fried, Genevieve and Green, Ben and Kaziunas, Elizabeth and Kak, Amba and Mathur, Varoon and McElroy, Erin and Nill Sánchez, Andrea and Raji, Deborah and Lisi Rankin, Joy and Richardson, Rashida and Schultz, Jason and Myers, West Sarah and Whittaker, Meredith},
  year={2019},
  title={AI Now 2019 Report},
  url={https://ainowinstitute.org/AI_Now_2019_Report.html},
  urldate={2019-12-01}
}

@online{sawers2019realeyes,
  author={Sawers, Paul},
  year={2019},
  title={Realeyes Raises $12.4 Million to Help Brands Detect Emotion Using AI on Facial Expressions},
  url={https://venturebeat.com/2019/06/06/realeyes-raises-12-4-million-to-help-brands-detect-emotion-using-ai-on-facial-expressions},
  urldate={2019-12-01}
}

@online{perez2019recognizing,
  author={Perez, A.},
  year={2018},
  title={Recognizing human facial expressions with machine learning},
  url={https://www.thoughtworks.com/insights/blog/recognizing-human-facial-expressions-machine-learning},
  urldate={2019-12-01}
}

@online{murgia2019affective,
  title={Affective computing: How “emotional machines” are about to take over our lives},
  author={Murgia, Madhumita},
  year={2016},
  url={https://www.telegraph.co.uk/technology/news/12100629/Affective-computing-how-emotional-machines-are-about-to-take-over-our-lives.html},
  urldate={2019-12-01},
  journal={The Daily Telegraph}
}

@book{darwin1872expression,
  title={The expression of the emotions in man and animals},
  author={Darwin, Charles},
  year={1872},
  publisher={John Murray},
  address={London, UK}
}

@article{barrett2006structure,
  title={The structure of emotion: Evidence from neuroimaging studies},
  author={Barrett, Lisa Feldman and Wager, Tor D},
  journal={Current Directions in Psychological Science},
  volume={15},
  number={2},
  pages={79--83},
  year={2006}
}

@book{buck1984communication,
  title={The communication of emotion},
  author={Buck, Ross},
  year={1984},
  publisher={Guilford Press},
  address={New York, NY}
}

@article{calvo2010affect,
  title={Affect detection: An interdisciplinary review of models, methods, and their applications},
  author={Calvo, Rafael A and D'Mello, Sidney},
  journal={IEEE Transactions on Affective Computing},
  volume={1},
  number={1},
  pages={18--37},
  year={2010}
}

@article{calvo2016perceptual,
  title={Perceptual and affective mechanisms in facial expression recognition: An integrative review},
  author={Calvo, Manuel G and Nummenmaa, Lauri},
  journal={Cognition and Emotion},
  volume={30},
  number={6},
  pages={1081--1106},
  year={2016}
}

@incollection{cohn2014automated,
  title={Automated face analysis for affective},
  author={Cohn, Jeffrey F and De la Torre, Fernando},
  booktitle={The Oxford Handbook of Affective Computing},
  editor={Calvo, Rafael and D'Mello, Sidney and Gratch, Jonathan and Kappas, Arvid},
  pages={131--150},
  year={2014},
  publisher={Oxford University Press},
  address={New York, NY}
}

@article{d2015review,
  title={A review and meta-analysis of multimodal affect detection systems},
  author={D'mello, Sidney K and Kory, Jacqueline},
  journal={ACM Computing Surveys (CSUR)},
  volume={47},
  number={3},
  pages={43},
  year={2015}
}

@inproceedings{ekman1972universal,
  title={Universal and cultural differences in facial expression of emotion},
  author={Ekman, Paul},
  booktitle={Nebraska Symposium on Motivation},
  editor={Cole, J.},
  volume={19},
  pages={207--284},
  year={1972},
  publisher={University of Nebraska Press},
  address={Lincoln, NE}
}

@article{ekman1969repertoire,
  title={The repertoire of nonverbal behavior: Categories, origins, usage, and coding},
  author={Ekman, Paul and Friesen, Wallace V},
  journal={Semiotica},
  volume={1},
  number={1},
  pages={49--98},
  year={1969},
  publisher={De Gruyter Mouton}
}

@article{frank2001forced,
  title={The forced-choice paradigm and the perception of facial expressions of emotion},
  author={Frank, Mark G and Stennett, Janine},
  journal={Journal of Personality and Social Psychology},
  volume={80},
  number={1},
  pages={75},
  year={2001}
}

@article{schmidt2006movement,
  title={Movement differences between deliberate and spontaneous facial expressions: Zygomaticus major action in smiling},
  author={Schmidt, Karen L. and Ambadar, Zara and Cohn, Jeffrey F. and Reed, L. Ian},
  journal={Journal of Nonverbal Behavior},
  volume={30},
  number={1},
  pages={37--52},
  year={2006}
}

@article{dawel2017perceived,
  title={Perceived emotion genuineness: normative ratings for popular facial expression stimuli and the development of perceived-as-genuine and perceived-as-fake sets},
  author={Dawel, Amy and Wright, Luke and Irons, Jessica and Dumbleton, Rachael and Palermo, Romina and O'Kearney, Richard and McKone, Elinor},
  journal={Behavior Research Methods},
  volume={49},
  number={4},
  pages={1539--1562},
  year={2017}
}

@article{hess2001facial,
  title={Facial mimicry and emotional contagion to dynamic emotional facial expressions and their influence on decoding accuracy},
  author={Hess, Ursula and Blairy, Sylvie},
  journal={International Journal of Psychophysiology},
  volume={40},
  number={2},
  pages={129--141},
  year={2001}
}

@article{zloteanu2018detecting,
  title={Detecting genuine and deliberate displays of surprise in static and dynamic faces},
  author={Zloteanu, Mircea and Krumhuber, Eva G. and Richardson, Daniel C.},
  journal={Frontiers in Psychology},
  volume={9},
  number={1184},
  pages={},
  year={2018}
}

@article{banziger2012introducing,
  title={Introducing the Geneva Multimodal expression corpus for experimental research on emotion perception},
  author={B{\"a}nziger, T. and Mortillaro, M. and Scherer, K. R.},
  journal={Emotion},
  volume={12},
  number={5},
  pages={1161--1179},
  year={2012}
}

@book{fridlund1994human,
  title={Human facial expression: An evolutionary view},
  author={Fridlund, Alan J},
  year={1994},
  publisher={Academic Press},
  address={San Diego, CA}
}

@article{gunes2016automatic,
  title={Is automatic facial expression recognition of emotions coming to a dead end? The rise of the new kids on the block},
  author={Gunes, Hatice and Hung, Hayley},
  journal={Image and Vision Computing},
  volume={55},
  number={1},
  pages={6--8},
  year={2016}
}

@incollection{krumhuber2016perceptual,
  title={Perceptual study on facial expressions},
  author={Krumhuber, Eva G and Skora, Lina},
  booktitle={Handbook of Human Motion},
  editor={Müller, Bertram and Wolf, Sebastian},
  pages={1--15},
  year={2016},
  publisher={Springer},
  address={}
}

@article{martinez2017automatic,
  title={Automatic analysis of facial actions: A survey},
  author={Martinez, Brais and Valstar, Michel F and Jiang, Bihan and Pantic, Maja},
  journal={IEEE Transactions on Affective Computing},
  pages={1--1},
  year={2017}
}

@article{palermo2004photographs,
  title={Photographs of facial expression: Accuracy, response times, and ratings of intensity},
  author={Palermo, Romina and Coltheart, Max},
  journal={Behavior Research Methods, Instruments, \& Computers},
  volume={36},
  number={4},
  pages={634--638},
  year={2004}
}

@incollection{pantic2007machine,
  title={Machine analysis of facial expressions},
  author={Pantic, Maja and Bartlett, Marian Stewart},
  booktitle={Face Recognition},
  editor={Delac, Kresimir and Grgic, Mislav},
  pages={377--416},
  year={2007},
  publisher={InTech},
  address={}
}

@article{parkinson2005facial,
  title={Do facial movements express emotions or communicate motives?},
  author={Parkinson, Brian},
  journal={Personality and Social Psychology Review},
  volume={9},
  number={4},
  pages={278--311},
  year={2005}
}

@book{picard1997affective,
  title={Affective computing},
  author={Picard, Rosalind W},
  year={1997},
  publisher={MIT Press},
  address={Boston, MA}
}

@book{ekman1997face,
  title={What the face reveals: Basic and applied studies of spontaneous expression using the Facial Action Coding System (FACS)},
  author={Ekman, Paul and Rosenberg, Erika L.},
  year={1997},
  publisher={Oxford University Press},
  address={New York, NY}
}

@incollection{russell1997facial,
  title={What does facial expression mean?},
  author={Russell, James A and Fern{\'a}ndez-Dols, Jos{\'e}-Miguel},
  booktitle={The psychology of facial expression},
  editor={Russell, James A and Fern{\'a}ndez-Dols, Jos{\'e}-Miguel},
  pages={3--30},
  year={1997},
  publisher={Cambridge University Press},
  address={New York, NY}
}

@article{sariyanidi2015automatic,
  title={Automatic analysis of facial affect: A survey of registration, representation, and recognition},
  author={Sariyanidi, E. and Gunes, H. and Cavallero, A.},
  journal={IEEE Transactions on Pattern Analysis and Machine Intelligence},
  volume={37},
  number={6},
  pages={1113--1133},
  year={2015}
}

@article{schroder2012automatic,
  title={Automatic analysis of facial affect: A survey of registration, representation, and recognition},
  author={Schröder, M. and Bevacqua, E. and Cowie, R. and Eyben, F. and Gunes, H. and Heylen, D. and Pelachaud, C.},
  journal={IEEE Transactions on Affective Computing},
  volume={3},
  number={2},
  pages={165--183},
  year={2012}
}

@book{tomkins1962affect,
  title={Affect, imagery, consciousness: Vol 1. Positive affects},
  author={Tomkins, S S},
  year={1962},
  publisher={Springer},
  address={New York, NY}
}

@article{valstar2012meta,
  title={Meta-analysis of the first facial expression recognition challenge},
  author={Valstar, Michel F and Mehu, Marc and Jiang, Bihan and Pantic, Maja and Scherer, Klaus},
  journal={IEEE Transactions on Systems, Man, and Cybernetics, Part B (Cybernetics)},
  volume={42},
  number={4},
  pages={966--979},
  year={2012}
}

@article{yitzhak2017gently,
  title={Gently does it: Humans outperform a software classifier in recognizing subtle, nonstereotypical facial expressions},
  author={Yitzhak, Neta and Giladi, Nir and Gurevich, Tanya and Messinger, Daniel S and Prince, Emily B and Martin, Katherine and Aviezer, Hillel},
  journal={Emotion},
  volume={17},
  number={8},
  pages={1187--1198},
  year={2017}
}

@article{picard2002computers,
	title={Computers that recognise and respond to user emotion: Theoretical and practical implications},
	author={Picard, Rosalind W and Klein, Jonathan},
	journaltitle={Interacting with computers},
	volume={14},
	number={2},
	pages={141--169},
	date={2002}
}

@article{gunes2010automatic,
  title={Automatic, dimensional and continuous emotion recognition},
  author={Gunes, Hatice and Pantic, Maja},
  journal={International Journal of Synthetic Emotions},
  volume={1},
  number={1},
  pages={68--99},
  year={2010}
}

@article{poria2017review,
  title={A review of affective computing: From unimodal analysis to multimodal fusion},
  author={Poria, Soujanya and Cambria, Erik and Bajpai, Rajiv and Hussain, Amir},
  journal={Information Fusion},
  volume={37},
  pages={98--125},
  year={2017}
}

@article{zeng2009survey,
  title={A survey of affect recognition methods: Audio, visual, and spontaneous expressions},
  author={Zeng, Zhihong and Pantic, Maja and Roisman, Glenn I and Huang, Thomas S},
  journal={IEEE Transactions on Pattern Analysis and Machine Intelligence},
  volume={31},
  number={1},
  pages={39--58},
  year={2009}
}

@article{stockli2018facial,
  title={Facial expression analysis with AFFDEX and FACET: A validation study},
  author={St{\"o}ckli, Sabrina and Schulte-Mecklenbeck, Michael and Borer, Stefan and Samson, Andrea C},
  journal={Behavior Research Methods},
  volume={50},
  number={4},
  pages={1446--1460},
  year={2018}
}

@inproceedings{dente2017measures,
  title={Measures and metrics for automatic emotion classification via FACET},
  author={Dente, Pasquale and K{\"u}ster, Dennis and Skora, Lina and Krumhuber, E},
  booktitle={Proceedings of the Conference on the Study of Artificial Intelligence and Simulation of Behaviour},
  pages={160--163},
  year={2017}
}

@inproceedings{battocchi2005first,
  title={A first evaluation study of a database of kinetic facial expressions (dafex)},
  author={Battocchi, Alberto and Pianesi,Fabio and Goren-Bar, Dina},
  booktitle={Proceedings of the International Conference on Multimodal Interfaces},
  pages={214--221},
  year={2005}
}

@inproceedings{mcduff2016discovering,
  title={Discovering facial expressions for states of amused, persuaded, informed, sentimental and inspired},
  author={McDuff, Daniel},
  booktitle={Proceedings of the International Conference on Multimodal Interaction},
  pages={71--75},
  year={2016}
}

@inproceedings{valstar2006spontaneous,
  title={Spontaneous vs. posed facial behavior: Automatic analysis of brow actions},
  author={Valstar, Michel F. and Pantic, Maja and Ambadar, Zara and Cohn, Jeffrey F.},
  booktitle={Proceedings of the International Conference on Multimodal Interfaces},
  pages={162-170},
  year={2006}
}

@incollection{martinez2016advances,
  title={Advances, challenges, and opportunities in automatic facial expression recognition},
  author={Martinez, Brais and Valstar, Michel F},
  booktitle={Advances in Face Detection and Facial Image Analysis},
  editor={Kawulok, Michal and Celebi, M. Emre and Smolka, Bogdan},
  pages={63--100},
  year={2016},
  publisher={Springer},
  address={}
}

@article{krumhuber2013effects,
  title={Effects of dynamic aspects of facial expressions: A review},
  author={Krumhuber, Eva G and Kappas, Arvid and Manstead, Antony SR},
  journal={Emotion Review},
  volume={5},
  number={1},
  pages={41--46},
  year={2013}
}

@article{ekman1992argument,
  title={An argument for basic emotions},
  author={Ekman, Paul},
  journal={Cognition \& emotion},
  volume={6},
  number={3-4},
  pages={169--200},
  year={1992}
}

@article{sokolova2009systematic,
  title={A systematic analysis of performance measures for classification tasks},
  author={Sokolova, Marina and Lapalme, Guy},
  journal={Information Processing \& Management},
  volume={45},
  number={4},
  pages={427--437},
  year={2009}
}

@article{del2018discrimination,
  title={Discrimination between smiling faces: Human observers vs. automated face analysis},
  author={Del L{\'\i}bano, Mario and Calvo, Manuel G and Fern{\'a}ndez-Mart{\'\i}n, Andr{\'e}s and Recio, Guillermo},
  journal={Acta Psychologica},
  volume={187},
  pages={19--29},
  year={2018}
}

@article{lewinski2014automated,
  title={Automated facial coding: Validation of basic emotions and FACS AUs in FaceReader},
  author={Lewinski, Peter and den Uyl, Tim M and Butler, Crystal},
  journal={Journal of Neuroscience, Psychology, and Economics},
  volume={7},
  number={4},
  pages={227--236},
  year={2014}
}

@article{recio2013classification,
  title={Classification of dynamic facial expressions of emotion presented briefly},
  author={Recio, Guillermo and Schacht, Annekathrin and Sommer, Werner},
  journal={Cognition \& emotion},
  volume={27},
  number={8},
  pages={1486--1494},
  year={2013}
}

@article{kuhn2017similar,
  title={Similar representations of emotions across faces and voices},
  author={Kuhn, Lisa Katharina and Wydell, Taeko and Lavan, Nadine and McGettigan, Carolyn and Garrido, L{\'u}cia},
  journal={Emotion},
  volume={17},
  number={6},
  pages={912--937},
  year={2017}
}

@inproceedings{deshmukh2017survey,
  title={A survey: Software API and database for emotion recognition},
  author={Deshmukh, Renuka S and Jagtap, Vandana},
  booktitle={Proceedings of the International Conference on Intelligent Computing and Control Systems},
  pages={284--289},
  year={2017}
}

@article{buck1994social,
  title={Social and emotional functions in facial expression and communication: The readout hypothesis},
  author={Buck, Ross},
  journal={Biological Psychology},
  volume={38},
  number={2-3},
  pages={95--115},
  year={1994}
}

@article{ekman1970universal,
  title={Universal facial expressions of emotion},
  author={Ekman, Paul and Keltner, Dacher},
  journal={California Mental Health Research Digest},
  volume={8},
  number={4},
  pages={151--158},
  year={1970}
}

@article{fernandez2013emotion,
  title={Emotion and expression: Naturalistic studies},
  author={Fern{\'a}ndez-Dols, Jos{\'e}-Miguel and Crivelli, Carlos},
  journal={Emotion Review},
  volume={5},
  number={1},
  pages={24--29},
  year={2013}
}

@article{fernandez2013advances,
  title={Advances in the study of facial expression: An introduction to the special section},
  author={Fern{\'a}ndez-Dols, Jos{\'e}-Miguel},
  journal={Emotion Review},
  volume={5},
  number={1},
  pages={3--7},
  year={2013}
}

@article{reisenzein2013coherence,
  title={Coherence between emotion and facial expression: Evidence from laboratory experiments},
  author={Reisenzein, Rainer and Studtmann, Markus and Horstmann, Gernot},
  journal={Emotion Review},
  volume={5},
  number={1},
  pages={16--23},
  year={2013}
}

@article{tracy2014evolutionary,
  title={An evolutionary approach to understanding distinct emotions},
  author={Tracy, Jessica L},
  journal={Emotion Review},
  volume={6},
  number={4},
  pages={308--312},
  year={2014}
}

@incollection{banziger2016accuracy,
  title={Accuracy of judging emotions},
  author={B{\"a}nziger, Tanja},
  booktitle={The Social Psychology of Perceiving Others Accurately},
  editor={Hall, J A and Mast, M S and West, T V},
  pages={23--51},
  year={2016},
  publisher={Cambridge University Press},
  address={New York, NY}
}

@incollection{kappas2013facial,
  title={Facial behavior},
  author={Kappas, Arvid and Krumhuber, Eva and K{\"u}ster, Dennis},
  booktitle={Handbook of Communication Science},
  editor={Hall, Judith A. and Knapp, Mark L.},
  volume={2},
  pages={131--166},
  year={2013},
  publisher={Mouton de Gruyter},
  address={New York, NY}
}

@inproceedings{dupre2018accuracy,
  title={Accuracy of three commercial automatic emotion recognition systems across different individuals and their facial expressions},
  author={Dupr{\'e}, Damien and Andelic, Nicole and Morrison, Gawain and McKeown, Gary},
  booktitle={Proceedings of the International Conference on Pervasive Computing and Communications},
  pages={627--632},
  year={2018}
}

@inproceedings{buolamwini2018gender,
  title={Gender shades: Intersectional accuracy disparities in commercial gender classification},
  author={Buolamwini, Joy and Gebru, Timnit},
  booktitle={Proceedings of the Conference on Fairness, Accountability and Transparency},
  pages={77--91},
  year={2018}
}

@inproceedings{jeni2013continuous,
  title={Continuous au intensity estimation using localized, sparse facial feature space},
  author={Jeni, L{\'a}szl{\'o} A and Girard, Jeffrey M and Cohn, Jeffrey F and De La Torre, Fernando},
  booktitle={Proceedings of the International Conference on Automatic Face and Gesture Recognition},
  pages={1--7},
  year={2013}
}

@article{ekman1980facial,
  title={Facial signs of emotional experience},
  author={Ekman, Paul and Freisen, Wallace V and Ancoli, Sonia},
  journal={Journal of Personality and Social Psychology},
  volume={39},
  number={6},
  pages={1125--1134},
  year={1980}
}

@inproceedings{davis2006relationship,
  title={The relationship between Precision-Recall and ROC curves},
  author={Davis, Jesse and Goadrich, Mark},
  booktitle={Proceedings of the International Conference on Machine Learning},
  pages={233--240},
  year={2006}
}

@article{krumhuber2017review,
  title={A review of dynamic datasets for facial expression research},
  author={Krumhuber, Eva G and Skora, Lina and K{\"u}ster, Dennis and Fou, Linyun},
  journal={Emotion Review},
  volume={9},
  number={3},
  pages={280--292},
  year={2017}
}

@inproceedings{picard2011measuring,
  title={Measuring affect in the wild},
  author={Picard, Rosalind W},
  booktitle={International Conference on Affective Computing and Intelligent Interaction},
  pages={3--3},
  year={2011}
}

@inproceedings{mcduff2016affdex,
  title={AFFDEX SDK: A cross-platform real-time multi-face expression recognition toolkit},
  author={McDuff, Daniel and Mahmoud, Abdelrahman and Mavadati, Mohammad and Amr, May and Turcot, Jay and Kaliouby, Rana el},
  booktitle={Proceedings of the Conference on Human Factors in Computing Systems},
  pages={3723--3726},
  year={2016}
}

@inproceedings{bartlett2005recognizing,
  title={Recognizing facial expression: Machine learning and application to spontaneous behavior},
  author={Bartlett, Marian Stewart and Littlewort, Gwen and Frank, Mark and Lainscsek, Claudia and Fasel, Ian and Movellan, Javier},
  booktitle={Proceedings of the Conference on Computer Vision and Pattern Recognition},
  volume={2},
  pages={568--573},
  year={2005}
}

@inproceedings{littlewort2007faces,
	title={Faces of pain: Automated measurement of spontaneous facial expressions of genuine and posed pain},
	author={Littlewort, Gwen C. and Bartlett, Marian Stewart and Lee, Kang},
	booktitle={Proceedings of the International Conference on Multimodal Interfaces},
	pages={15--21},
	year={2007}
}

@article{yeasin2006recognition,
	title={Recognition of facial expressions and measurement of levels of interest from video},
	author={Yeasin, Mohammed and Bullot, Baptiste and Sharma, Rajeev},
	journal={IEEE Transactions on Multimedia},
	volume={8},
	number={3},
	pages={500--508},
	year={2006}
}

@article{barrett2010context,
	title={Context is routinely encoded during emotion perception},
	author={Barrett, Lisa Feldman and Kensinger, Elizabeth A.},
	journal={Psychological Science},
	volume={21},
	number={4},
	pages={595--599},
	year={2010}
}


@article{wieser2012faces,
	title={Faces in context: A review and systematization of contextual influences on affective face processing},
	author={Wieser, Matthias J. and Brosch, Tobias},
	journal={Frontiers in Psychology},
	volume={3},
	pages={471--471},
	year={2012}
}

@article{aviezer2017the,
	title={The inherently contextualized nature of facial emotion perception},
	author={Aviezer, Hillel and Ensenberg, Noga and Hassin, Ran R.},
	journal={Current Opinion in Psychology},
	volume={17},
	pages={47--54},
	year={2017}
}

@inproceedings{den2005facereader,
  title={The FaceReader: Online facial expression recognition},
  author={Den Uyl, MJ and Van Kuilenburg, H},
  booktitle={Proceedings of the International Conference on Methods and Techniques in Behavioral Research},
  pages={589--590},
  year={2005}
}

@inproceedings{van2005model,
  title={A model based method for automatic facial expression recognition},
  author={Van Kuilenburg, Hans and Wiering, Marco and Den Uyl, Marten},
  booktitle={Proceedings of the European Conference on Machine Learning},
  pages={194--205},
  year={2005}
}

@inproceedings{mina2018neuromarketing,
  title={Neuromarketing and Facial Recognition: A Systematic Literature Review},
  author={Mina, Marcos Antonio Espinoza and Barzola, Doris Del Pilar Gallegos},
  booktitle={Proceedings of the International Conference on Technologies and Innovation},
  pages={214--228},
  year={2018}
}

@article{o2005video,
  title={A video database of moving faces and people},
  author={O'Toole, Alice J and Harms, Joshua and Snow, Sarah L and Hurst, Dawn R and Pappas, Matthew R and Ayyad, Janet H and Abdi, Herv{\'e}},
  journal={IEEE Transactions on Pattern Analysis and Machine Intelligence},
  volume={27},
  number={5},
  pages={812--816},
  year={2005}
}

@inproceedings{yin2008high,
  title={A high-resolution 3D dynamic facial expression database},
  author={Yin, Lijun and Chen, Xiaochen and Sun, Yi and Worm, Tony and Reale, Michael},
  booktitle={Proceedings of the International Conference on Automatic Face and Gesture Recognition},
  pages={1--6},
  year={2008}
}

@article{cordaro2016voice,
  title={The voice conveys emotion in ten globalized cultures and one remote village in Bhutan},
  author={Cordaro, Daniel T and Keltner, Dacher and Tshering, Sumjay and Wangchuk, Dorji and Flynn, Lisa M},
  journal={Emotion},
  volume={16},
  number={1},
  pages={117--128},
  year={2016}
}

@article{sauter2018can,
  title={Can perceivers recognise emotions from spontaneous expressions?},
  author={Sauter, Disa A and Fischer, Agneta H},
  journal={Cognition and Emotion},
  volume={32},
  number={3},
  pages={504--515},
  year={2018}
}

@inproceedings{gudi2015deep,
  title={Deep learning based facs action unit occurrence and intensity estimation},
  author={Gudi, Amogh and Tasli, H Emrah and Den Uyl, Tim M and Maroulis, Andreas},
  booktitle={Proceedings of the International Conference on Automatic Face and Gesture Recognition},
  pages={1--5},
  year={2015}
}

@article{calvo2018human,
  title={Human observers and automated assessment of dynamic emotional facial expressions: KDEF-dyn database validation},
  author={Calvo, Manuel G and Fern{\'a}ndez-Mart{\'i}n, Andr{\'e}s and Recio, Guillermo and Lundqvist, Daniel},
  journal={Frontiers in Psychology},
  volume={9},
  pages={1--12},
  year={2018}
}

@article{friedman2001greedy,
  title={Greedy function approximation: a gradient boosting machine},
  author={Friedman, Jerome H},
  journal={Annals of statistics},
  pages={1189--1232},
  year={2001},
  publisher={JSTOR}
}

@article{friesen1983emfacs,
  title={EMFACS-7: Emotional facial action coding system},
  author={Friesen, Wallace V and Ekman, Paul and others},
  journal={Unpublished manuscript, University of California at San Francisco},
  volume={2},
  number={36},
  pages={1},
  year={1983}
}

@inproceedings{chen2016xgboost,
  title={Xgboost: A scalable tree boosting system},
  author={Chen, Tianqi and Guestrin, Carlos},
  booktitle={Proceedings of the 22nd acm sigkdd international conference on knowledge discovery and data mining},
  pages={785--794},
  year={2016}
}

@book{ekman2002facialman,
  title={Facial action coding system: The manual on CD ROM},
  author={Ekman, Paul and Friesen, Wallace V and Hager, Joseph C},
  year={2002},
  publisher={Research Nexus},
  address={Salt Lake City, UT}
}

@book{ekman2002facialinv,
  title={Facial action coding system: Investigator’s guide},
  author={Ekman, Paul and Friesen, Wallace V and Hager, Joseph C},
  year={2002},
  publisher={Research Nexus},
  address={Salt Lake City, UT}
}

@article{kraut1979social,
  title={Social and emotional messages of smiling: An ethological approach},
  author={Kraut, Robert E and Johnston, Robert E},
  journal={Journal of Personality and Social Psychology},
  volume={37},
  number={9},
  pages={1539--1553},
  year={1979}
}

@incollection{duran2017coherence,
  title={Coherence between emotions and facial expressions},
  author={Dur{\'a}n, Juan I and Reisenzein, Rainer and Fern{\'a}ndez-Dols, Jos{\'e}-Miguel},
  booktitle={The Science of Facial Expression},
  editor={Fern{\'a}ndez-Dols, Jos{\'e}-Miguel and Russell, James A},
  pages={107--129},
  year={2017},
  publisher={Oxford University Press},
  address={New York, NY}
}

@article{crivelli2018facial,
  title={Facial displays are tools for social influence},
  author={Crivelli, Carlos and Fridlund, Alan J},
  journal={Trends in Cognitive Sciences},
  volume={22},
  number={5},
  pages={388--399},
  year={2018}
}

@incollection{frijda1997facial,
  title={Facial expressions as modes of action readiness},
  author={Frijda, Nico H and Tcherkassof, Anna},
  booktitle={The psychology of facial expression},
  editor={Russell, James A and Fern{\'a}ndez-Dols, Jos{\'e}-Miguel},
  pages={78--102},
  year={1997},
  publisher={Cambridge University Press},
  address={New York, NY}
}

@article{mckeown2013analogical,
  title={The analogical peacock hypothesis: The sexual selection of mind-reading and relational cognition in human communication},
  author={McKeown, Gary J},
  journal={Review of General Psychology},
  volume={17},
  number={3},
  pages={267--287},
  year={2013}
}

@article{barrett2019emotional,
  title={Emotional expressions reconsidered: challenges to inferring emotion from human facial movements},
  author={Barrett, Lisa Feldman and Adolphs, Ralph and Marsella, Stacy and Martinez, Aleix M and Pollak, Seth D},
  journal={Psychological Science in the Public Interest},
  volume={20},
  number={1},
  pages={1--68},
  year={2019}
}

@incollection{averill1980constructivist,
  title={A constructivist view of emotion},
  author={Averill, James R},
  booktitle={Emotion: Theory, Research, and Experience},
  booksubtitle={Theories of emotion},
  editor={Plutchik, Robert and Kellerman, Henry},
  volume={1},
  pages={305--339},
  year={1980},
  publisher={Academic Press},
  address={New York, NY}
}

@article{averill2012future,
  title={The future of social constructionism: introduction to a special section of emotion review},
  author={Averill, James R},
  journal={Emotion Review},
  volume={4},
  number={3},
  pages={215--220},
  year={2012}
}

@incollection{keltner2016expression,
  title={Expression of emotion},
  author={Keltner, Dacher and Tracy, Jessica and Sauter, Disa A and Cordaro, Daniel C and McNeil, Galen},
  booktitle={Handbook of emotions},
  editor={Barrett, Lisa Feldman and Lewis, Michael and Haviland-Jones, Jeannette M.},
  pages={467--482},
  year={2018},
  publisher={Guilford Press},
  address={New York, NY}
}

@article{kuster2020opportunities,
 title={Opportunities and challenges for using automatic human affect analysis in consumer research},
 publisher={PsyArXiv},
 author={Küster, Dennis and Krumhuber, Eva and Steinert, Lars and Ahuja, Anuj and Baker, Marc and Schultz, Tanja},
 year={2020}
}

@article{skiendziel2019assessing,
  title={Assessing the convergent validity between the automated emotion recognition software Noldus FaceReader 7 and Facial Action Coding System Scoring},
  author={Skiendziel, Tanja and R{\"o}sch, Andreas G and Schultheiss, Oliver C},
  journal={PloS one},
  volume={14},
  number={10},
  year={2019}
}

@incollection{scherer2010use,
  title={On the use of actor portrayals in research on emotional expression},
  author={Scherer, Klaus R and B{\"a}nziger, Tanja},
  booktitle={Blueprint for affective computing: A sourcebook},
  editor={Scherer, Klaus R and B{\"a}nziger, Tanja and Roesch, Etienne},
  pages={166--178},
  year={2010},
  publisher={Oxford University Press},
  address={New York, NY}
}

@article{krumhuber2009can,
  title={Can Duchenne smiles be feigned? New evidence on felt and false smiles.},
  author={Krumhuber, Eva G and Manstead, Antony SR},
  journal={Emotion},
  volume={9},
  number={6},
  pages={807--820},
  year={2009}
}

@article{carpenter2000bootstrap,
  title={Bootstrap confidence intervals: when, which, what? A practical guide for medical statisticians},
  author={Carpenter, James and Bithell, John},
  journal={Statistics in medicine},
  volume={19},
  number={9},
  pages={1141--1164},
  year={2000},
  publisher={Wiley Online Library}
}

@dataset{damien_dupre_2019_3699037,
  author={Damien Dupré and Eva G. Krumhuber and Dennis Küster and Gary J. McKeown},
  title={{A performance comparison of eight commercially available automatic classifiers for facial affect recognition - raw data}},
  month=sep,
  year=2019,
  publisher={Zenodo},
  doi={10.5281/zenodo.3699037},
  url={https://doi.org/10.5281/zenodo.3699037}
}

@article{krumhuber2019emotion,
  title={Emotion recognition from posed and spontaneous dynamic expressions: Human observers versus machine analysis.},
  author={Krumhuber, Eva G and K{\"u}ster, Dennis and Namba, Shushi and Shah, Datin and Calvo, Manuel G},
  journal={Emotion},
  year={2019},
  publisher={American Psychological Association}
}